<collection xmlns="http://www.loc.gov/MARC21/slim"><record><leader>00828nam  2200253   450</leader><controlfield tag="001">726</controlfield><controlfield tag="003">http://montalegre.opacnet.com/OPAC/default.aspx?ContentAreaControl=ShowRegHoldings.ascx&amp;RegNo=16662</controlfield><datafield tag="010" ind1=" " ind2=" "><subfield code="a">972-25-1142-4</subfield></datafield><datafield tag="021" ind1=" " ind2=" "><subfield code="a">PT</subfield><subfield code="b">150975/00</subfield></datafield><datafield tag="100" ind1=" " ind2=" "><subfield code="a">20061013d2000    m  y0pory010305  ba</subfield></datafield><datafield tag="101" ind1="1" ind2=" "><subfield code="a">por</subfield><subfield code="c">eng</subfield></datafield><datafield tag="102" ind1=" " ind2=" "><subfield code="a">PT</subfield></datafield><datafield tag="105" ind1=" " ind2=" "><subfield code="a">a   z   001ay</subfield></datafield><datafield tag="106" ind1=" " ind2=" "><subfield code="a">r</subfield></datafield><datafield tag="200" ind1="1" ind2=" "><subfield code="a">Avalon</subfield><subfield code="e">&lt;o &gt;regresso do Rei Artur</subfield><subfield code="f">Stephen Lawhead</subfield><subfield code="g">trad. Manuel Cordeiro</subfield></datafield><datafield tag="210" ind1=" " ind2=" "><subfield code="a">Venda Nova</subfield><subfield code="c">Bertrand</subfield><subfield code="d">D.L. 2000</subfield></datafield><datafield tag="215" ind1=" " ind2=" "><subfield code="a">494 p.</subfield><subfield code="c">il.</subfield><subfield code="d">23 cm</subfield></datafield><datafield tag="225" ind1="2" ind2=" "><subfield code="a">Grandes romances</subfield><subfield code="v">63</subfield></datafield><datafield tag="304" ind1=" " ind2=" "><subfield code="a">Tít. orig.: Avalon The return of King Arthur</subfield></datafield><datafield tag="675" ind1=" " ind2=" "><subfield code="a">821</subfield><subfield code="v">BN</subfield><subfield code="z">por</subfield></datafield><datafield tag="700" ind1=" " ind2="1"><subfield code="a">Lawhead</subfield><subfield code="b">Stephen</subfield><subfield code="f">1950-</subfield></datafield><datafield tag="702" ind1=" " ind2="1"><subfield code="a">Cordeiro</subfield><subfield code="b">Manuel</subfield><subfield code="4">730</subfield></datafield><datafield tag="801" ind1=" " ind2="0"><subfield code="a">PT</subfield><subfield code="b">Biblioteca Municipal de Montalegre</subfield><subfield code="g">RPC</subfield></datafield><datafield tag="856" ind1=" " ind2=" "><subfield code="u">locateMedia.asp?cod=20060619111807&amp;ext=jpg</subfield><subfield code="z">CAPA</subfield></datafield><datafield tag="909" ind1="&#9;" ind2=" "><subfield code="a">1</subfield></datafield><datafield tag="966" ind1=" " ind2=" "><subfield code="a">0015006</subfield><subfield code="l">BMM</subfield><subfield code="s">SCG 821 LAW ava 63</subfield></datafield></record></collection>